@online{Article1,
    author = {Alexandre CAMPEAU-LECOURS, Martin J-D OTIS et Clément GOSSELIN},
    title = "Modeling of physical human–robot interaction: Admittance controllers applied to intelligent assist devices with large payload",
    url  = "https://journals.sagepub.com/doi/epub/10.1177/1729881416658167"
}
@online{Article2,
    author = {Mohamed AMIR SASSI, Martin J-D OTIS et Alexandre CAMPEAU-LECOURS},
    title = "Active stability observer using artificial neural network for intuitive physical human–robot interaction",
    url  = "https://journals.sagepub.com/doi/epub/10.1177/1729881417727326"
}
